<record><leader>00000cas a2200000 a 4500</leader><controlfield tag="001">7082469</controlfield><controlfield tag="008">810126c19809999paumr ne      0    0eng d</controlfield><controlfield tag="009">54</controlfield><datafield ind1=" " ind2=" " tag="010"><subfield code="a">sn 89077267 </subfield></datafield><datafield ind1=" " ind2=" " tag="040"><subfield code="a">PIT</subfield><subfield code="b">eng</subfield><subfield code="c">PIT</subfield><subfield code="d">NPH</subfield><subfield code="d">OCL</subfield><subfield code="d">OCLCQ</subfield></datafield><datafield ind1=" " ind2=" " tag="037"><subfield code="b">City Times, 21 Forbes Terrace, Pittsburgh, Pa., 15217</subfield></datafield><datafield ind1=" " ind2=" " tag="042"><subfield code="a">msc</subfield></datafield><datafield ind1=" " ind2=" " tag="043"><subfield code="a">n-us-pa</subfield></datafield><datafield ind1=" " ind2=" " tag="090"><subfield code="a">F159.P6</subfield><subfield code="b">C5</subfield></datafield><datafield ind1="0" ind2=" " tag="130"><subfield code="a">City times (Pittsburgh, Pa.)</subfield></datafield><datafield ind1="1" ind2="0" tag="245"><subfield code="a">City times.</subfield></datafield><datafield ind1=" " ind2=" " tag="260"><subfield code="a">Pittsburgh :</subfield><subfield code="b">City Times,</subfield><subfield code="c">1980-</subfield></datafield><datafield ind1=" " ind2=" " tag="300"><subfield code="a">v. :</subfield><subfield code="b">ill. ;</subfield><subfield code="c">38 cm.</subfield></datafield><datafield ind1=" " ind2=" " tag="310"><subfield code="a">Monthly</subfield></datafield><datafield ind1="0" ind2=" " tag="362"><subfield code="a">Summer 1980-</subfield></datafield><datafield ind1=" " ind2=" " tag="515"><subfield code="a">First issue not numbered.</subfield></datafield><datafield ind1=" " ind2=" " tag="752"><subfield code="a">United States</subfield><subfield code="b">Pennsylvania</subfield><subfield code="c">Allegheny</subfield><subfield code="d">Pittsburgh.</subfield></datafield></record>